
@misc{Arquitetura1,
        title = "Arquitetura de processadores : RISC e CISC ",
        author={{Diego Macedo}},
        howpublished={Disponível em: \url{https://www.diegomacedo.com.br/arquitetura-de-processadores-risc-e-cisc/   }. Acesso em: 09 de dezembro 2022},
        year="2022"
}
@misc{Arquitetura2,
        title = "Diferentes arquiteturas de processadores ",
        author={{Google Developers}},
        howpublished={Disponível em: \url{http://www.tocadotux.com.br/2020/08/diferentes-arquiteturas-de-processadores.html   }. Acesso em: 09 de dezembro 2022},
        year="2022"
}
@misc{IntelH,
        title = "Primeiro processador do mundo, o Intel® 4004, comemora seu 40º aniversário",
        author={{Google Developers}},
        howpublished={Disponível em: \url{https://newsroom.intel.com.br/news-releases/primeiro-processador-do-mundo-o-intel-4004-comemora-seu-40o-aniversario/ }. Acesso em: 09 de dezembro 2022},
        year="2022"
}
@misc{Historia1,
        title = "Evolução dos processadores ",
        author={{Felipe Tusset}},
        howpublished={Disponível em: \url{http://gec.di.uminho.pt/Discip/IA32_gas/Evol-Processadores01.pdf }. Acesso em: 09 de dezembro 2022},
        year="2022"
}
@article{deevoluccao,
  title={EVOLU{\c{C}}{\~A}O DOS PROCESSADORES E SEU FUTURO},
  author={DE SOUZA, MAICON LIMA}
}
@misc{Blog1,
        title = "5 novas tecnologias que vão deixar os PCs mais rápidos num futuro próximo ",
        author={{Google Developers}},
        howpublished={Disponível em: \url{https://cbltech.com.br/blog/novas-tecnologias-pcs-mais-rapidos-futuro.html  }. Acesso em: 09 de dezembro 2022},
        year="2022"
}
@misc{Blog2,
        title = "O que é processador quântico? Entenda como funciona a tecnologia. ",
        author={{Google Developers}},
        howpublished={Disponível em: \url{https://www.techtudo.com.br/noticias/2018/07/o-que-e-processador-quantico-entenda-como-funciona-a-tecnologia.ghtml }. Acesso em: 09 de dezembro 2022},
        year="2022"
}
@misc{Funcionamento1,
        title = "THE EVOLUTION OF THE CPU ",
        author={{Google Developers}},
        howpublished={Disponível em: \url{https://auratechtt.com/the-evolution-of-the-cpu/}. Acesso em: 09 de dezembro 2022},
        year="2022"
}
@misc{Funcionamento2,
        title = "Evolution of the CPU: too much to process?",
        author={{Google Developers}},
        howpublished={Disponível em: \url{https://www.fasthosts.co.uk/blog/evolution-cpu-too-much-process/ }. Acesso em: 09 de dezembro 2022},
        year="2022"
}
@misc{Funcionamento3,
        title = "What is a CPU?",
        author={{ Jon Martindale}},
        howpublished={Disponível em: \url{https://www.digitaltrends.com/computing/what-is-a-cpu/ }. Acesso em: 09 de dezembro 2022},
        year="2022"
}
@misc{Funcionamento4,
        title = "O que é e como funciona um processador?",
        author={{Google Developers}},
        howpublished={Disponível em: \url{https://www.meupositivo.com.br/doseujeito/tecnologia/o-que-e-processador/ }. Acesso em: 09 de dezembro 2022},
        year="2022"
}
@misc{Funcionamento5,
        title = "Unidade central de processamento",
        author={{Google Developers}},
        howpublished={Disponível em: \url{https://www.wikiwand.com/pt/Unidade_central_de_processamento }. Acesso em: 09 de dezembro 2022},
        year="2022"
}
@misc{Desempenho1,
        title = "O que é a CPU ?",
        author={{Google Developers}},
        howpublished={Disponível em: \url{https://canaltech.com.br/hardware/o-que-e-cpu/ }. Acesso em: 09 de dezembro 2022},
        year="2022"
}
@misc{Desempenho2,
        title = "Factors affecting processor performance",
        author={{Google Developers}},
        howpublished={Disponível em: \url{https://isaaccomputerscience.org/concepts/sys_arch_performance?examBoard=all&stage=all }. Acesso em: 09 de dezembro 2022},
        year="2022"
}
@misc{Aplicações1/Velocidade1,
        title = "O que é velocidade do processador e por que isso é importante?",
        author={{Google Developers}},
        howpublished={Disponível em: \url{https://www.hp.com/br-pt/shop/tech-takes/o-que-e-velocidade-do-processador-e-por-que-isso-e-importante }. Acesso em: 09 de dezembro 2022},
        year="2022"
}
@misc{Velocidade2,
        title = "What Is the Purpose of a Computer Processor?",
        author={{Google Developers}},
        howpublished={Disponível em: \url{https://www.techwalla.com/articles/what-is-the-purpose-of-a-computer-processor  }. Acesso em: 09 de dezembro 2022},
        year="2022"
}
@misc{Velocidade3,
        title = "The Importance of a Computer CPU",
        author={{Google Developers}},
        howpublished={Disponível em: \url{https://smallbusiness.chron.com/importance-computer-cpu-54856.html}. Acesso em: 09 de dezembro 2022},
        year="2022"
}
@misc{Diferentes1,
        title = "Melhores Processadores para PC de 2022",
        author={{Google Developers}},
        howpublished={Disponível em: \url{https://www.techwalla.com/articles/what-is-the-purpose-of-a-computer-processor }. Acesso em: 09 de dezembro 2022},
        year="2022"
}
@misc{Diferentes2,
        title = "ENTENDA OS DIFERENTES TIPOS DE PROCESSADORES",
        author={{Google Developers}},
        howpublished={Disponível em: \url{https://razor.com.br/blog/tecnologia/entenda-os-diferentes-tipos-de-processadores/ }. Acesso em: 09 de dezembro 2022},
        year="2022"
}
@misc{Diferentes3,
        title = "Melhores Processadores de Celular [Ranking]",
        author={{Giordano Berwanger}},
        howpublished={Disponível em: \url{https://geek360.com.br/qual-o-melhor-processador-de-celular/ }. Acesso em: 09 de dezembro 2022},
        year="2022"
}
@misc{AppleA15,
        title = "Apple A15 Bionic",
        author={{Google Developers}},
        howpublished={Disponível em: \url{https://nanoreview.net/en/soc/apple-a15-bionic }. Acesso em: 09 de dezembro 2022},
        year="2022"
}
@misc{Snapdragon8,
        title = "Qualcomm Snapdragon 8 Plus Gen 1",
        author={{Google Developers}},
        howpublished={Disponível em: \url{https://nanoreview.net/en/soc/snapdragon-8-plus-gen-1 }. Acesso em: 09 de dezembro 2022},
        year="2022"
}
@misc{Lei1,
        title = "Lei de Moore",
        author={{Google Developers}},
        howpublished={Disponível em: \url{https://www.wikiwand.com/pt/Lei_de_Moore }. Acesso em: 09 de dezembro 2022},
        year="2022"
}
@misc{Lei2,
        title = "O que diz a Lei de Moore?",
        author={{ Ronaldo Gogoni}},
        howpublished={Disponível em: \url{https://tecnoblog.net/responde/o-que-diz-a-lei-de-moore/ }. Acesso em: 09 de dezembro 2022},
        year="2022"
}